<record><leader>00000cas a22000007a 4500</leader><controlfield tag="001">12704534</controlfield><controlfield tag="008">851022d19001901pauwr ne      0    0eng d</controlfield><datafield ind1=" " ind2=" " tag="010"><subfield code="a">sn 85055246 </subfield></datafield><datafield ind1=" " ind2=" " tag="040"><subfield code="a">NPH</subfield><subfield code="b">eng</subfield><subfield code="c">NPH</subfield><subfield code="d">OCLCQ</subfield></datafield><datafield ind1=" " ind2=" " tag="042"><subfield code="a">msc</subfield></datafield><datafield ind1="0" ind2=" " tag="130"><subfield code="a">Taggarts' Sunday times (Philadelphia, Pa. : 1900)</subfield></datafield><datafield ind1="1" ind2="0" tag="245"><subfield code="a">Taggarts' Sunday times.</subfield></datafield><datafield ind1="1" ind2="3" tag="246"><subfield code="a">Taggarts' times</subfield></datafield><datafield ind1=" " ind2=" " tag="260"><subfield code="a">Philadelphia [Pa.] :</subfield><subfield code="b">Taggart,</subfield><subfield code="c">1900-</subfield></datafield><datafield ind1=" " ind2=" " tag="300"><subfield code="a">v. :</subfield><subfield code="b">ill.</subfield></datafield><datafield ind1=" " ind2=" " tag="310"><subfield code="a">Weekly</subfield></datafield><datafield ind1="0" ind2=" " tag="362"><subfield code="a">37th year, no. 33 (June 17, 1900)-</subfield></datafield><datafield ind1="1" ind2=" " tag="362"><subfield code="a">Ceased in 1901.</subfield><subfield code="z">Cf. Checklist of Pa. newspapers.</subfield></datafield><datafield ind1=" " ind2=" " tag="580"><subfield code="a">Absorbed by: Public ledger (Philadelphia, Pa. : 1836). Cf. Gregory, W. Amer. newspapers.</subfield></datafield><datafield ind1=" " ind2=" " tag="752"><subfield code="a">United States</subfield><subfield code="b">Pennsylvania</subfield><subfield code="c">Philadelphia</subfield><subfield code="d">Philadelphia.</subfield></datafield><datafield ind1="0" ind2="0" tag="780"><subfield code="t">Taggarts' times</subfield><subfield code="w">(OCoLC)12704504</subfield></datafield><datafield ind1="1" ind2="4" tag="785"><subfield code="t">Public ledger (Philadelphia, Pa. : 1836)</subfield><subfield code="w">(DLC)sn 83025927</subfield><subfield code="w">(OCoLC)10063299</subfield></datafield><datafield ind1="1" ind2=" " tag="029"><subfield code="a">AU@</subfield><subfield code="b">000025805051</subfield></datafield></record>